<record><leader>00000cas a22000007a 4500</leader><controlfield tag="001">23006898</controlfield><controlfield tag="008">910124d193519uunyuwr ne      0    0eng d</controlfield><datafield ind1=" " ind2=" " tag="010"><subfield code="a">sn 90066375 </subfield></datafield><datafield ind1=" " ind2=" " tag="040"><subfield code="a">NYS</subfield><subfield code="b">eng</subfield><subfield code="c">NYS</subfield><subfield code="d">OCLCQ</subfield></datafield><datafield ind1=" " ind2=" " tag="042"><subfield code="a">msc</subfield></datafield><datafield ind1="0" ind2="4" tag="245"><subfield code="a">The Wallkill Valley world consolidated with the New Paltz news.</subfield></datafield><datafield ind1=" " ind2=" " tag="260"><subfield code="a">Milton, N.Y. :</subfield><subfield code="b">Hudson Valley Press</subfield></datafield><datafield ind1=" " ind2=" " tag="300"><subfield code="a">v. :</subfield><subfield code="b">ill.</subfield></datafield><datafield ind1=" " ind2=" " tag="310"><subfield code="a">Weekly</subfield></datafield><datafield ind1="1" ind2=" " tag="362"><subfield code="a">Began in 1935?</subfield></datafield><datafield ind1="0" ind2=" " tag="362"><subfield code="a">-v. 11, no. 53 (Dec. 12, 1935) ; v. 14, no. 2 (Dec. 19, 1935)-</subfield></datafield><datafield ind1=" " ind2=" " tag="500"><subfield code="a">Published in Wallkill, N.Y. &lt;Dec. 19, 1935&gt;-</subfield></datafield><datafield ind1=" " ind2=" " tag="588"><subfield code="a">Description based on: Vol. 11, no. 53 (Dec. 12, 1935).</subfield></datafield><datafield ind1=" " ind2="4" tag="651"><subfield code="a">Milton (N.Y.)</subfield><subfield code="v">Newspapers.</subfield></datafield><datafield ind1=" " ind2="4" tag="651"><subfield code="a">Wallkill (N.Y.)</subfield><subfield code="v">Newspapers.</subfield></datafield><datafield ind1=" " ind2="4" tag="651"><subfield code="a">New Paltz (N.Y.)</subfield><subfield code="v">Newspapers.</subfield></datafield><datafield ind1=" " ind2=" " tag="752"><subfield code="a">United States</subfield><subfield code="b">New York</subfield><subfield code="c">Ulster</subfield><subfield code="d">Milton.</subfield></datafield><datafield ind1=" " ind2=" " tag="752"><subfield code="a">United States</subfield><subfield code="b">New York</subfield><subfield code="c">Ulster</subfield><subfield code="d">Wallkill.</subfield></datafield><datafield ind1=" " ind2=" " tag="752"><subfield code="a">United States</subfield><subfield code="b">New York</subfield><subfield code="c">Ulster</subfield><subfield code="d">New Paltz.</subfield></datafield><datafield ind1="0" ind2="0" tag="780"><subfield code="t">New Paltz news (Milton, N.Y.)</subfield></datafield><datafield ind1="0" ind2="5" tag="780"><subfield code="t">Wallkill Valley world (Wallkill, N.Y. : 1924)</subfield><subfield code="w">(DLC)sn 91066001</subfield><subfield code="w">(OCoLC)23042285</subfield></datafield><datafield ind1="0" ind2="6" tag="785"><subfield code="t">Wallkill Valley world (Wallkill, N.Y. : 1953)</subfield><subfield code="w">(DLC)sn 90066376</subfield><subfield code="w">(OCoLC)23006849</subfield></datafield><datafield ind1="0" ind2="6" tag="785"><subfield code="t">New Paltz news</subfield><subfield code="w">(DLC)sn 89071092</subfield><subfield code="w">(OCoLC)18971245</subfield></datafield><datafield ind1="1" ind2=" " tag="029"><subfield code="a">AU@</subfield><subfield code="b">000025867125</subfield></datafield></record>